<record><leader>00000cas a22000007a 4500</leader><controlfield tag="001">13148588</controlfield><controlfield tag="008">860213d18491851nyuwr ne      0    0eng d</controlfield><datafield ind1=" " ind2=" " tag="010"><subfield code="a">sn 86053092 </subfield></datafield><datafield ind1=" " ind2=" " tag="040"><subfield code="a">NPX</subfield><subfield code="b">eng</subfield><subfield code="c">NPX</subfield><subfield code="d">NYS</subfield><subfield code="d">OCL</subfield><subfield code="d">OCLCQ</subfield><subfield code="d">OCLCG</subfield><subfield code="d">OCLCQ</subfield><subfield code="d">OCLCF</subfield><subfield code="d">OCLCO</subfield><subfield code="d">GUA</subfield></datafield><datafield ind1=" " ind2=" " tag="042"><subfield code="a">msc</subfield></datafield><datafield ind1=" " ind2=" " tag="043"><subfield code="a">n-us-ny</subfield></datafield><datafield ind1="0" ind2="0" tag="245"><subfield code="a">Liberty Party paper.</subfield></datafield><datafield ind1=" " ind2=" " tag="260"><subfield code="a">Syracuse, N.Y. :</subfield><subfield code="b">John Thomas</subfield></datafield><datafield ind1=" " ind2=" " tag="300"><subfield code="a">v.</subfield></datafield><datafield ind1=" " ind2=" " tag="310"><subfield code="a">Weekly</subfield></datafield><datafield ind1="1" ind2=" " tag="362"><subfield code="a">Began with July 4, 1849 issue; ceased in 1851.</subfield><subfield code="z">Cf. French, J.H. Gazetteer of the state of N.Y., 1860.</subfield></datafield><datafield ind1=" " ind2=" " tag="500"><subfield code="a">Editor: John Thomas, &lt;1850&gt;.</subfield></datafield><datafield ind1=" " ind2=" " tag="500"><subfield code="a">Supported Liberty Party; Gerrit Smith for president.</subfield></datafield><datafield ind1=" " ind2=" " tag="500"><subfield code="a">"Anti-Slavery."</subfield></datafield><datafield ind1=" " ind2=" " tag="588"><subfield code="a">Description based on: Vol. 1, no. 25 (Jan. 17, 1850).</subfield></datafield><datafield ind1="1" ind2="0" tag="600"><subfield code="a">Smith, Gerrit,</subfield><subfield code="d">1797-1874.</subfield></datafield><datafield ind1=" " ind2="0" tag="651"><subfield code="a">Syracuse (N.Y.)</subfield><subfield code="v">Newspapers.</subfield></datafield><datafield ind1="1" ind2="7" tag="600"><subfield code="a">Smith, Gerrit,</subfield><subfield code="d">1797-1874.</subfield><subfield code="2">fast</subfield><subfield code="0">(OCoLC)fst00192967</subfield></datafield><datafield ind1=" " ind2="7" tag="651"><subfield code="a">New York (State)</subfield><subfield code="z">Syracuse.</subfield><subfield code="2">fast</subfield><subfield code="0">(OCoLC)fst01205293</subfield></datafield><datafield ind1=" " ind2="7" tag="655"><subfield code="a">Newspapers.</subfield><subfield code="2">fast</subfield><subfield code="0">(OCoLC)fst01423814</subfield></datafield><datafield ind1="2" ind2=" " tag="710"><subfield code="a">Liberty Party (N.Y.)</subfield></datafield><datafield ind1=" " ind2=" " tag="752"><subfield code="a">United States</subfield><subfield code="b">New York</subfield><subfield code="c">Onondaga</subfield><subfield code="d">Syracuse.</subfield></datafield><datafield ind1="0" ind2="7" tag="785"><subfield code="t">North star (Rochester, N.Y.)</subfield><subfield code="w">(DLC)sn 84026365</subfield><subfield code="w">(OCoLC)10426469</subfield></datafield><datafield ind1="0" ind2="7" tag="785"><subfield code="t">Frederick Douglass' paper</subfield><subfield code="w">(DLC)sn 84026366</subfield><subfield code="w">(OCoLC)10426474</subfield></datafield></record>